@legislation{schug,
    title = {Bundesgesetz über die Ordnung von Unterricht und Erziehung in den im Schulorganisationsgesetz geregelten Schulen},
    shorttitle = {SchUG},
    year = {1986},
    number = {BGBl. Nr. 472/1986},
    url = {https://www.ris.bka.gv.at/GeltendeFassung.wxe?Abfrage=Bundesnormen&Gesetzesnummer=10009600}
}

@legislation{pruefung,
    title = {Prüfungsordnung BMHS, Bildungsanstalten},
    year = {2012},
    number = {BGBl. II Nr. 177/2012},
    url = {https://www.ris.bka.gv.at/GeltendeFassung.wxe?Abfrage=Bundesnormen&Gesetzesnummer=20007845}
}

@online{qt,
    author = {Qt Group},
    title = {Qt Framework},
    year = {2024},
    url = {https://www.qt.io/},
}

@online{spring,
    author = {VMWare},
    title = {The Spring Framework},
    year = {2024},
    url = {https://spring.io},
}

@online{rust,
    author = {Rust Foundation},
    title = {The Rust Programming Language},
    year = {2025},
    url = {https://www.rust-lang.org/},
}

@online{kotlin,
    author = {JetBrains},
    title = {The Kotlin Programming Language},
    year = {2025},
    url = {https://kotlinlang.org/},
}

@online{tokio,
    author = {Tokio Project},
    title = {The Tokio Framework},
    year = {2025},
    url = {https://tokio.rs/},
}
